@inproceedings{godoyNamedEntityRecognition2023,
  title = {A Named Entity Recognition Framework Using Transformers to Identify Relevant Clinical Findings from Mammographic Radiological Reports},
  booktitle = {18th {{International Symposium}} on {{Medical Information Processing}} and {{Analysis}}},
  author = {Godoy, Eduardo and Chabert, Steren and Querales, Marvin and Sotelo, Julio and Parra, Denis and Fernandez, Carlos and Mellado, Diego and Veloz, Alejandro and Lever, Scarlett and Pardo, Fabian and Bertini, Ayleen and Molina, Yomar and Díaz, Claudia and Ferreira, Rodrigo and Salas, Rodrigo},
  date = {2023-03-06},
  volume = {12567},
  pages = {286--295},
  publisher = {SPIE},
  doi = {10.1117/12.2670228},
  url = {https://www.spiedigitallibrary.org/conference-proceedings-of-spie/12567/125670X/A-named-entity-recognition-framework-using-transformers-to-identify-relevant/10.1117/12.2670228.full},
  urldate = {2023-07-04},
  eventtitle = {18th {{International Symposium}} on {{Medical Information Processing}} and {{Analysis}}}
}

@inproceedings{melladoDeepLearningClassifier2023,
  title = {A {{Deep Learning Classifier Using Sliding Patches For Detection}} of {{Mammographical Findings}}},
  booktitle = {2023 19th {{International Symposium}} on {{Medical Information Processing}} and {{Analysis}} ({{SIPAIM}})},
  author = {Mellado, Diego and Querales, Marvin and Sotelo, Julio and Godoy, Eduardo and Pardo, Fabian and Lever, Scarlett and Chabert, Steren and Salas, Rodrigo},
  date = {2023-11},
  pages = {1--5},
  doi = {10.1109/SIPAIM56729.2023.10373511},
  url = {https://ieeexplore.ieee.org/abstract/document/10373511},
  urldate = {2024-01-08},
  eventtitle = {2023 19th {{International Symposium}} on {{Medical Information Processing}} and {{Analysis}} ({{SIPAIM}})},
}

@article{torresPredictingCardiovascularRehabilitation2023,
  title = {Predicting {{Cardiovascular Rehabilitation}} of {{Patients}} with {{Coronary Artery Disease Using Transfer Feature Learning}}},
  author = {Torres, Romina and Zurita, Christopher and Mellado, Diego and Nicolis, Orietta and Saavedra, Carolina and Tuesta, Marcelo and Salinas, Matías and Bertini, Ayleen and Pedemonte, Oneglio and Querales, Marvin and Salas, Rodrigo},
  date = {2023-01},
  journaltitle = {Diagnostics},
  volume = {13},
  number = {3},
  pages = {508},
  publisher = {Multidisciplinary Digital Publishing Institute},
  issn = {2075-4418},
  doi = {10.3390/diagnostics13030508},
  url = {https://www.mdpi.com/2075-4418/13/3/508},
  urldate = {2023-07-04},
  issue = {3},
  langid = {english},
  keywords = {cardiovascular rehabilitation,joint distribution adaptation,machine learning,transfer feature learning},
}
